<record><leader>00000cas a22000007a 4500</leader><controlfield tag="001">27799836</controlfield><controlfield tag="008">930325d191u192ucauwr ne      0    0fre d</controlfield><datafield ind1=" " ind2=" " tag="010"><subfield code="a">sn 93066926 </subfield></datafield><datafield ind1=" " ind2=" " tag="040"><subfield code="a">RHN</subfield><subfield code="b">eng</subfield><subfield code="c">RHN</subfield><subfield code="d">OCLCQ</subfield><subfield code="d">OCLCF</subfield><subfield code="d">OCLCO</subfield></datafield><datafield ind1=" " ind2=" " tag="042"><subfield code="a">msc</subfield></datafield><datafield ind1=" " ind2=" " tag="043"><subfield code="a">n-us-ca</subfield></datafield><datafield ind1="0" ind2="3" tag="245"><subfield code="a">Le Courrier franc&#807;ais de Los Angeles et du Sud de la Californie.</subfield></datafield><datafield ind1=" " ind2=" " tag="260"><subfield code="a">Los Angeles, Calif. :</subfield><subfield code="b">A.L. Tournoux &amp; Theo. Gyger</subfield></datafield><datafield ind1=" " ind2=" " tag="300"><subfield code="a">v.</subfield></datafield><datafield ind1=" " ind2=" " tag="310"><subfield code="a">Weekly</subfield></datafield><datafield ind1=" " ind2=" " tag="546"><subfield code="a">In French.</subfield></datafield><datafield ind1=" " ind2=" " tag="588"><subfield code="a">Description based on: 4me anne&#769;e, no 33 (14 aou&#770;t 1920).</subfield></datafield><datafield ind1=" " ind2="0" tag="650"><subfield code="a">French Americans</subfield><subfield code="z">California</subfield><subfield code="v">Newspapers.</subfield></datafield><datafield ind1=" " ind2="7" tag="655"><subfield code="a">Newspapers.</subfield><subfield code="2">fast</subfield><subfield code="0">(OCoLC)fst01423814</subfield></datafield><datafield ind1=" " ind2="7" tag="650"><subfield code="a">French Americans.</subfield><subfield code="2">fast</subfield><subfield code="0">(OCoLC)fst00934236</subfield></datafield><datafield ind1=" " ind2="7" tag="651"><subfield code="a">California.</subfield><subfield code="2">fast</subfield><subfield code="0">(OCoLC)fst01204928</subfield></datafield><datafield ind1=" " ind2=" " tag="752"><subfield code="a">United States</subfield><subfield code="b">California</subfield><subfield code="c">Los Angeles</subfield><subfield code="d">Los Angeles.</subfield></datafield></record>